@inproceedings{Asparouhov2007,
	author = {Asparouhov, T. and Muth{\'{e}}n, B.},
	booktitle = {Joint Statistical Meeting: Section on Statistics in Epidemiology},
	title = {{Computationally efficient estimation of multilevel high-dimensional latent variable models}},
	url = {https://www.statmodel.com/download/JSM2007000746.pdf},
	year = {2007},
	address = {Salt Lake City, Utah},
	pages = {2531-2535}
}

@techreport{Asparouhov2018,
	author = {Asparouhov, Tihomir and Muth{\'{e}}n, Bengt},
	pages = {1--15},
	title = {{SRMR in Mplus}},
	url = {http://www.statmodel.com/download/SRMR2.pdf},
	year = {2018},
	publisher = {Muth{\'{e}}n {\&} Muth{\'{e}}n}
}

@article{Bandalos2014,
	author = {Bandalos, Deborah L.},
	doi = {10.1080/10705511.2014.859510},
	journal = {Structural Equation Modeling: A Multidisciplinary Journal},
	number = {1},
	pages = {102--116},
	title = {{Relative performance of categorical diagonally weighted least squares and robust maximum likelihood estimation}},
	volume = {21},
	year = {2014}
}

@incollection{Bandalos2012,
	address = {New York, NY},
	author = {Bandalos, Deborah L and Gagn{\'{e}}, Phillip},
	booktitle = {Handbook of structural equation modeling},
	editor = {Hoyle, Rick H.},
	pages = {92--108},
	publisher = {Guilford Press},
	title = {{Simulation methods in structural equation modeling}},
	year = {2012}
}

@incollection{Bandalos2013,
	address = {Charlotte, NC},
	author = {Bandalos, Deborah L and Leite, W},
	booktitle = {Structural equation modeling: A second course},
	edition = {2nd},
	editor = {Hancock, Gregory R. and Mueller, Ralph O.},
	pages = {625--666},
	publisher = {Information Age Publishing},
	title = {{The use of Monte Carlo studies in structural equation modeling research}},
	year = {2013}
}

@article{Beauducel2006,
author = {Beauducel, Andr{\'{e}} and Herzberg, Philipp Yorck},
doi = {10.1207/s15328007sem1302_2},
journal = {Structural Equation Modeling: A Multidisciplinary Journal},
number = {2},
pages = {186--203},
title = {{On the performance of maximum likelihood versus means and variance adjusted weighted least squares estimation in CFA}},
volume = {13},
year = {2006}
}


@article{Bell2014,
	author = {Bell, Bethany A. and Morgan, Grant B. and Schoeneberger, Jason A. and Kromrey, Jeffrey D. and Ferron, John M.},
	doi = {10.1027/1614-2241/a000062},
	journal = {Methodology},
	number = {1},
	pages = {1--11},
	title = {{How low can you go?: An investigation of the influence of sample size and model complexity on point and interval estimates in two-level linear models}},
	volume = {10},
	year = {2014}
}

@incollection{Bentler2003,
address = {Mahwah, NJ},
author = {Bentler, Peter M. and Liang, J.},
booktitle = {Multilevel modeling: Methodological advances, issues, and applications},
editor = {Reise, Steven Paul and Duan, N.},
pages = {53--70},
publisher = {Lawrence Erlbaum Associates, Inc.},
title = {{Two-level mean and covariance structures: Maximum likelihood via EM algorithm}},
year = {2003}
}


@book{Bollen1989,
	author = {Bollen, Kenneth A.},
	address = {New York, NY},
	pages = {514},
	publisher = {John Wiley {\&} Sons},
	title = {{Structural equations with latent variables}},
	year = {1989}
}


@incollection{Bollen2010,
	address = {New York, NY},
	author = {Bollen, Kenneth A. and Bauer, Daniel J. and Christ, Sharon L. and Edwards, Michael C.},
	booktitle = {Statistics in the social sciences: Current methodological developments},
	doi = {10.1002/9780470583333.ch2},
	editor = {Kolenikov, Steinley D. and Thombs, L.},
	pages = {37--79},
	publisher = {John Wiley {\&} Sons},
	title = {{Overview of structural equation models and recent extensions}},
	year = {2010}
}


@article{DiStefano2005,
	author = {DiStefano, Christine and Hess, Brian},
	doi = {10.1177/073428290502300303},
	journal = {Journal of Psychoeducational Assessment},
	number = {3},
	pages = {225--241},
	title = {{Using confirmatory factor analysis for construct validation: An empirical review}},
	volume = {23},
	year = {2005}
}

@article{DiStefano2014,
	author = {DiStefano, Christine and Morgan, Grant B.},
	doi = {10.1080/10705511.2014.915373},
	journal = {Structural Equation Modeling: A Multidisciplinary Journal},
	number = {3},
	pages = {425--438},
	title = {{A comparison of diagonal weighted least squares robust estimation techniques for ordinal data}},
	volume = {21},
	year = {2014}
}

@incollection{Finney2013,
	address = {Charlotte, NC},
	author = {Finney, Sara J. and DiStefano, Christine},
	booktitle = {Structural equation modeling: A second course},
	chapter = {11},
	edition = {2nd},
	editor = {Hancock, Gregory R. and Mueller, Ralph O.},
	pages = {439--492},
	publisher = {Information Age Publishing},
	title = {{Nonnormal and categorical data in structural equation modeling}},
	year = {2013}
}

@article{Flora2004,
	author = {Flora, David B and Curran, Patrick J},
	doi = {10.1037/1082-989X.9.4.466},
	journal = {Psychological Methods},
	number = {4},
	pages = {466--491},
	title = {{An empirical evaluation of alternative methods of estimation for confirmatory factor analysis with ordinal data}},
	volume = {9},
	year = {2004}
}

@article{Forero2009,
	author = {Forero, Carlos G. and Maydeu-Olivares, Alberto and Gallardo-Pujol, David},
	doi = {10.1080/10705510903203573},
	journal = {Structural Equation Modeling: A Multidisciplinary Journal},
	number = {4},
	pages = {625--641},
	title = {{Factor analysis with ordinal indicators: A Monte Carlo study comparing DWLS and ULS sstimation}},
	volume = {16},
	year = {2009}
}

@article{Hallquist2018,
	author = {Hallquist, Michael N. and Wiley, Joshua F.},
	doi = {10.1080/10705511.2017.1402334},
	journal = {Structural Equation Modeling: A Multidisciplinary Journal},
	number = {4},
	pages = {621--638},
	title = {{MplusAutomation: An R package for facilitating large-scale latent variable analyses in Mplus}},
	volume = {25},
	year = {2018}
}

@article{Harwell1992,
	author = {Harwell, Michael R.},
	doi = {10.3102/10769986017004297},
	journal = {Journal of Educational Statistics},
	number = {4},
	pages = {297--313},
	title = {{Summarizing Monte Carlo results in methodological research}},
	volume = {17},
	year = {1992}
}

@article{Hedges2007,
author = {Hedges, Larry V and Hedberg, E C},
doi = {10.3102/0162373707299706},
issn = {01623737},
journal = {Educational Evaluation and Policy Analysis},
number = {1},
pages = {60--87},
title = {{Intraclass correlation values for planning group-randomized trials in education}},
volume = {29},
year = {2007}
}


@article{Hox2001,
	author = {Hox, Joop J. and Maas, Cora J.M.},
	doi = {10.1207/S15328007SEM0802_1},
	journal = {Structural Equation Modeling: A Multidisciplinary Journal},
	number = {2},
	pages = {157--174},
	title = {{The accuracy of multilevel structural equation modeling with pseudobalanced groups and small samples}},
	volume = {8},
	year = {2001}
}

@book{Hox2017,
	author = {Hox, Joop J and Moerbeek, Mirjam and {Van de Schoot}, Rens},
	publisher = {Routledge},
	address = {New York, NY},
	editition = {3rd},
	title = {{Multilevel analysis: Techniques and applications}},
	year = {2018}
}

@phdthesis{Hsu2009,
	author = {Hsu, Hsien Yuan},
	pages = {iii--95},
	school = {Texas A{\&}M University},
	title = {{Testing the effectiveness of various commonly used fit indices for detecting misspecifications in multilevel structure equation models}},
	year = {2009}
}

@article{Hsu2015,
	author = {Hsu, Hsien Yuan and Kwok, {Oi-man} and Lin, Huang and Acosta, Sandra},
	doi = {10.1080/00273171.2014.977429},
	journal = {Multivariate Behavioral Research},
	number = {2},
	pages = {197--215},
	title = {{Detecting isspecified multilevel structural equation models with common fit indices: A Monte Carlo study}},
	volume = {50},
	year = {2015}
}

@article{Hu1999,
	author = {Hu, {Li-tze} and Bentler, Peter M.},
	doi = {10.1080/10705519909540118},
	journal = {Structural Equation Modeling: A Multidisciplinary Journal},
	number = {1},
	pages = {1--55},
	title = {{Cutoff criteria for fit indexes in covariance structure analysis: Conventional criteria versus new alternatives}},
	volume = {6},
	year = {1999}
}

@article{Lei2009,
author = {Lei, Pui Wa},
doi = {10.1007/s11135-007-9133-z},
issn = {00335177},
journal = {Quality and Quantity},
number = {3},
pages = {495--507},
title = {{Evaluating estimation methods for ordinal data in structural equation modeling}},
volume = {43},
year = {2009}
}

@article{Liang2004,
author = {Liang, Jiajuan and Bentler, Peter M},
doi = {10.1007/BF02295842},
journal = {Psychometrika},
number = {1},
pages = {101--122},
title = {{An EM algorithm for fitting two-level structural equation models}},
volume = {69},
year = {2004}
}


@book{Maxwell2004,
	address = {Mahwah, N.J.},
	author = {Maxwell, Scott E and Delaney, Harold D},
	edition = {2nd},
	publisher = {Routledge},
	title = {{Designing experiments and analyzing data: A model comparison perspective}},
	year = {2004}
}

@article{Muthen1984,
	author = {Muth{\'{e}}n, Bengt},
	doi = {10.1007/BF02294210},
	journal = {Psychometrika},
	number = {1},
	pages = {115--132},
	publisher = {Springer-Verlag},
	title = {{A general structural equation model with dichotomous, ordered categorical, and continuous latent variable indicators}},
	volume = {49},
	year = {1984}
}

@article{Muthen1994,
	author = {Muth{\'{e}}n, Bengt},
	doi = {10.1177/0049124194022003006},
	journal = {Sociological Methods {\&} Research},
	number = {3},
	pages = {376--398},
	title = {{Multilevel covariance structure analysis}},
	volume = {22},
	year = {1994}
}

@techreport{Muthen1997,
author = {Muth{\'{e}}n, B. and du Toit, S.H.C. and Spisic, D},
pages = {1--25},
title = {{Robust inference using weighted least squares and quadratic estimating equations in latent variable modeling with categorical and continuous outcomes}},
year = {1997}
}


@book{Muthen2017,
	address = {Los Angeles, CA},
	author = {Muth{\'{e}}n, L.K. and Muth{\'{e}}n, B.O.},
	edition = {8th},
	publisher = {Muth{\'{e}}n {\&} Muth{\'{e}}n},
	title = {{Mplus User's Guide}},
	year = {2017}
}
@article{Muthen1985,
author = {Muth{\'{e}}n, Bengt and Kaplan, David},
doi = {10.1111/j.2044-8317.1985.tb00832.x},
journal = {British Journal of Mathematical and Statistical Psychology},
number = {2},
pages = {171--189},
pmid = {260},
title = {{A comparison of some methodologies for the factor analysis of non‐normal Likert variables}},
volume = {38},
year = {1985}
}
@article{Muthen1995,
author = {Muth{\'{e}}n, Bengt O. and Satorra, Albert},
doi = {10.1007/BF02294325},
issn = {00333123},
journal = {Psychometrika},
number = {4},
pages = {489--503},
publisher = {Springer-Verlag},
title = {{Technical aspects of Muth{\'{e}}n's liscomp approach to estimation of latent variable relations with a comprehensive measurement model}},
volume = {60},
year = {1995}
}

@article{Muthen1978,
author = {Muth{\'{e}}n, Bengt},
doi = {10.1007/BF02293813},
journal = {Psychometrika},
number = {4},
pages = {551--560},
title = {{Contributions to factor analysis of dichotomous variables}},
volume = {43},
year = {1978}
}


@phdthesis{Navruz2016,
	author = {Navruz, Bilgin},
	pages = {1--269},
	school = {Texas A{\&}M University},
	title = {{The behaviors of robust weighted least squares estimation techniques for categorical/ordinal data in multilevel CFA models}},
	year = {2016}
}

@techreport{NCSS2019,
	address = {Kaysville, Utah},
	author = {{NCSS Statistical Software}},
	title = {{One ROC Curve and Cutoff Analysis}},
	year = {2019},
	publisher = {NCSS, LLC}
}

@article{Nestler2013,
	author = {Nestler, Steffen},
	doi = {10.1111/j.2044-8317.2012.02044.x},
	journal = {British Journal of Mathematical and Statistical Psychology},
	number = {1},
	pages = {127--143},
	title = {{A Monte Carlo study comparing PIV, ULS and DWLS in the estimation of dichotomous confirmatory factor analysis}},
	volume = {66},
	year = {2013}
}

%% BEAR DATA REFERENCE
@collection{Padgett2019a,
	author = {Padgett, R. Noah},
	doi = {10.18738/T8/VPAH7O},
	publisher = {Texas Data Repository Dataverse},
	title = {{ML-CFA Monte Carlo simulation results}},
	year = {2019},
	version = {1}
}
%% Online Website Reference
@misc{Padgett2019b,
	author = {Padgett, R. Noah and Morgan, Grant B.},
	title = {{ML-CFA Fit: Online Supplemental Material}},
	url = {https://noah-padgett.github.io/mcfa-fit/},
	year = {2019}
}

@article{Paek2018,
	author = {Paek, Insu and Cui, Mengyao and {{\"{O}}zt{\"{u}}rk G{\"{u}}beş}, Neşe and Yang, Yanyun},
	doi = {10.1177/0013164417715738},
	journal = {Educational and Psychological Measurement},
	number = {4},
	pages = {569--588},
	title = {{Estimation of an IRT model by Mplus for dichotomously scored responses under different estimation methods}},
	volume = {78},
	year = {2018}
}

@book{Pepe2003,
	address = {New York, NY},
	author = {Pepe, MS},
	publisher = {John Wiley {\&} Sons},
	title = {{The statistical evaluation of medical tests for classification and prediction}},
	year = {2003}
}

@misc{R2018,
	address = {Vienna, Austria},
	author = {{R Core Team}},
	publisher = {R Foundation for Statistical Computing},
	title = {{R: A language and environment for statistical computing}},
	url = {https://www.r-project.org/},
	year = {2018}
}

@book{Raudenbush2002,
address = {Thousand Oaks, CA},
author = {Raudenbush, Stephen W and Bryk, Anthony S},
edition = {2nd},
mendeley-groups = {General Multilevel},
pages = {xvii--485},
publisher = {SAGE Publications},
title = {{Hierarchical linear models: Applications and data analysis methods}},
year = {2002}
}

@unpublished{Renbarger2020,
address = {Waco, TX},
author = {Renbarger, R. L. and Padgett, R. Noah and Cowden, Richard Gregory and Govender, K. and George, G. and Makhnach, A. V. and Novotn\'{y}, J.S. and Nugent, G. and Rosenbaum, L. and Krem\'{e}nkov\'{a}, L.},
institution = {Baylor University},
title = {{Culturally Relevant Resilience: A Psychometric Meta-Analysis of the Child and Youth Resilience Measure (CYRM)}},
year = {2020}
}


@article{Rhemtulla2012,
	author = {Rhemtulla, Mijke and Brosseau-Liard, Patricia {\'{E}}. and Savalei, Victoria},
	doi = {10.1037/a0029315},
	journal = {Psychological Methods},
	number = {3},
	pages = {354--373},
	title = {{When can categorical variables be treated as continuous? A comparison of robust continuous and categorical SEM estimation methods under suboptimal conditions}},
	volume = {17},
	year = {2012}
}

@incollection{Satorra1994,
address = {Thousand Oaks, CA},
author = {Satorra, A. and Bentler, Peter M.},
booktitle = {Latent variables analysis: Applications for developmental research},
editor = {von Eye, A. and Clogg, C. C.},
pages = {399--419},
publisher = {Sage},
title = {{Corrections to test statistics and standard errors in covariance structure analysis}},
year = {1994}
}


@article{Xavier2011,
    title = {{pROC: An open-source package for R and S+ to analyze and compare ROC curves}},
    author = {Xavier Robin and Natacha Turck and Alexandre Hainard and Natalia Tiberti and Frédérique Lisacek and Jean-Charles Sanchez and Markus Müller},
    year = {2011},
    journal = {BMC Bioinformatics},
    volume = {12},
    number ={1},
    pages = {77},
    doi = {10.1186/1471-2105-12-77}
 }

@article{Ryu2009,
	author = {Ryu, Ehri and West, Stephen G.},
	doi = {10.1080/10705510903203466},
	journal = {Structural Equation Modeling: A Multidisciplinary Journal},
	number = {4},
	pages = {583--601},
	title = {{Level-specific evaluation of model fit in multilevel structural equation modeling}},
	volume = {16},
	year = {2009}
}

@article{Ryu2014,
	author = {Ryu, Ehri},
	doi = {10.3389/fpsyg.2014.00081},
	journal = {Frontiers in Psychology},
	publisher = {Frontiers},
	title = {{Model fit evaluation in multilevel structural equation models}},
	volume = {5},
	number = {81},
	pages = {1-9},
	year = {2014}
}

@incollection{Stapleton2013,
	address = {Charlotte, NC},
	author = {Stapleton, Laura M.},
	booktitle = {Structural equation modeling: A second course},
	chapter = {13},
	edition = {2nd},
	editor = {Hancock, Gregory R. and Mueller, Ralph O.},
	pages = {521--562},
	publisher = {Information Age Publishing},
	title = {{Multilevel structural equation modeling with complex sample data}},
	year = {2013}
}


@article{Stapleton2016,
	author = {Stapleton, Laura M. and Yang, Ji Seung and Hancock, Gregory R.},
	doi = {10.3102/1076998616646200},
	journal = {Journal of Educational and Behavioral Statistics},
	number = {5},
	pages = {481--520},
	title = {{Construct meaning in multilevel settings}},
	volume = {41},
	year = {2016}
}

@article{Swets2000,
	author = {Swets, John A. and Dawes, Robyn M. and Monahan, John},
	doi = {10.1111/1529-1006.001},
	journal = {Psychological Science in the Public Interest},
	number = {1},
	pages = {1--26},
	title = {{Psychological science can improve diagnostic decisions}},
	volume = {1},
	year = {2000}
}


@article{Ungar2009,
author = {Ungar, Michael and Liebenberg, Linda},
journal = {Studia Psychologica},
number = {2-3},
pages = {259--268},
title = {{Cross-Cultural Consultation Leading to the Development of a Valid Measure of Youth Resilience: The International Resilience Project}},
volume = {51},
year = {2009}
}


@article{Wu2012,
author = {Wu, Jiun-Yu and Kwok, Oi-man},
doi = {10.1080/10705511.2012.634703},
issn = {1070-5511},
journal = {Structural Equation Modeling: A Multidisciplinary Journal},
number = {1},
pages = {16--35},
title = {{Using SEM to analyze complex survey data: A comparison between design-based single-level and model-based multilevel approaches}},
volume = {19},
year = {2012}
}


@article{Yang2010,
	author = {Yang-Wallentin, Fan and J{\"{o}}reskog, Karl G. and Luo, Hao},
	doi = {10.1080/10705511.2010.489003},
	journal = {Structural Equation Modeling: A Multidisciplinary Journal},
	number = {3},
	pages = {392--423},
	title = {{Confirmatory factor analysis of ordinal variables with misspecified models}},
	volume = {17},
	year = {2010}
}

@article{Youngstrom2014,
	author = {Youngstrom, Eric A.},
	doi = {10.1093/jpepsy/jst062},
	journal = {Journal of Pediatric Psychology},
	number = {2},
	pages = {204--221},
	title = {{A primer on receiver operating characteristic analysis and diagnostic efficiency statistics for pediatric psychology: We are ready to ROC}},
	volume = {39},
	year = {2014}
}

@article{Yuan2003,
	author = {Yuan, Ke Hai and Bentler, Peter M.},
	doi = {10.1016/S0167-9473(02)00349-3},
	journal = {Computational Statistics and Data Analysis},
	number = {1},
	pages = {89--107},
	title = {{Eight test statistics for multilevel structural equation models}},
	volume = {44},
	year = {2003}
}

@article{Yuan2007,
	author = {Yuan, Ke Hai and Bentler, Peter M.},
	doi = {10.1111/j.1467-9531.2007.00182.x},
	journal = {Sociological Methodology},
	number = {1},
	pages = {53--82},
	title = {{Multilevel covariance structure analysis by fitting multiple single-level models}},
	volume = {37},
	year = {2007}
}


@article{Hoogland1998,
author = {Hoogland, Jeffrey J. and Boomsma, Anne},
doi = {10.1177/0049124198026003003},
journal = {Sociological Methods and Research},
number = {3},
pages = {329--367},
publisher = {SAGE Publications Inc.},
title = {{Robustness studies in covariance structure modeling an overview and a meta-analysis}},
volume = {26},
year = {1998}
}


@article{RenbargerIP,
author = {Renbarger, R. L. and Padgett, R. N. and Cowden, R. G. and Govender, K. and George, G. and Makhnach and A.V., Novotn\'{y}, J.S. and Nugent, G. and Rosenbaum, L. and Krem\'{e}nkov\'{a}, L.},
year = {In Press},
title ={Culturally relevant resilience: A psychometric meta-analysis of the Child and Youth Resilience Measure (CYRM)},
journal = {Journal of Research on Adolescence}
}

@book{Fowler2013,
address = {Thousand Oaks, CA},
author = {{Fowler}, Floyd J},
edition = {Fifth},
isbn = {1483312402},
mendeley-groups = {ML-CFA Parameter Recovery},
pages = {1--171},
publisher = {SAGE Publications, Inc.},
title = {{Survey Research Methods}},
year = {2013}
}
@book{DeVellis2016,
address = {Thousand Oaks, CA},
author = {DeVellis, Robert F},
edition = {Fourth},
isbn = {1506341551},
mendeley-groups = {ML-CFA Parameter Recovery},
pages = {1--265},
publisher = {SAGE Publications, Inc.},
title = {{Scale Development: Theory and Applications}},
year = {2016}
}

@article{Goldstein1988,
author = {Goldstein, H. and McDonald, Roderick P.},
doi = {0033-3123/88/0900-9022500.75/0},
file = {:C$\backslash$:/Users/noahp/AppData/Local/Mendeley Ltd./Mendeley Desktop/Downloaded/Goldstein, McDonald - 1988 - A general model for the analysis of multilevel data.pdf:pdf},
journal = {Psychometrika},
mendeley-groups = {ALL,MCFA},
number = {4},
pages = {455--467},
title = {{A general model for the analysis of multilevel data}},
volume = {53},
year = {1988}
}


@article{Hox2010,
author = {Hox, Joop and Maas, Cora J.M. and Brinkhuis, Matthieu J.S.},
journal = {Statistica Neerlandica},
number = {2},
pages = {157--170},
publisher = {John Wiley {\&} Sons, Ltd},
title = {{The effect of estimation method and sample size in multilevel structural equation modeling}},
volume = {64},
year = {2010}
}

@article{Depaoli2015,
author = {Depaoli, Sarah and Clifton, James P},
doi = {10.1080/10705511.2014.937849},
issn = {15328007},
journal = {Structural Equation Modeling: A Multidisciplinary Journal},
keywords = {Bayesian estimation,multilevel modeling,structural equation modeling},
mendeley-groups = {ML-CFA Parameter Recovery},
number = {3},
pages = {327--351},
title = {{A Bayesian approach to multilevel structural equation modeling with continuous and dichotomous outcomes}},
volume = {22},
year = {2015}
}


@article{Holtmann2016,
author = {Holtmann, Jana and Koch, Tobias and Lochner, Katharina and Eid, Michael},
doi = {10.1080/00273171.2016.1208074},
journal = {Multivariate Behavioral Research},
number = {5},
pages = {661--680},
publisher = {Routledge},
title = {{A comparison of ML, WLSMV, and Bayesian methods for multilevel structural equation models in small samples: A simulation study}},
volume = {51},
year = {2016}
}

@article{Hox2012,
author = {Hox, Joop and van de Schoot, Rens and Matthijsse, Suzette},
doi = {10.18148/srm/2012.v6i2.5033},
issn = {18643361},
journal = {Survey Research Methods},
number = {2},
pages = {87--93},
title = {{How few countries will do? Comparative survey analysis from a Bayesian perspective}},
volume = {6},
year = {2012}
}

@book{Heck2015,
address = {New York, NY},
author = {Heck, Ronald H. and Thomas, Scott L.},
doi = {10.1177/0146621609344848},
edition = {Third},
isbn = {0805829636},
issn = {01466216},
mendeley-groups = {ML-CFA Parameter Recovery},
pages = {155--171},
pmid = {11338155},
publisher = {Routledge},
title = {{An introduction to multilevel modeling techniques: MLM and SEM approaches using Mplus.}},
url = {https://www.taylorfrancis.com/books/9781317598503},
year = {2015}
}

@article{Li2016,
author = {Li, Cheng Hsien},
doi = {10.3758/s13428-015-0619-7},
journal = {Behavior Research Methods},
number = {3},
pages = {936--949},
title = {{Confirmatory factor analysis with ordinal data: Comparing robust maximum likelihood and diagonally weighted least squares}},
volume = {48},
year = {2016}
}
@article{Dolan1994,
author = {Dolan, Conor V.},
doi = {10.1111/j.2044-8317.1994.tb01039.x},
journal = {British Journal of Mathematical and Statistical Psychology},
number = {2},
pages = {309--326},
title = {{Factor analysis of variables with 2, 3, 5 and 7 response categories: A comparison of categorical variable estimators using simulated data}},
volume = {47},
year = {1994}
}
@article{Babakus1987,
author = {Babakus, Emin and Ferguson, Carl E. and Joreskog, Karl G.},
doi = {10.2307/3151512},
journal = {Journal of Marketing Research},
number = {2},
pages = {222--228},
title = {{The sensitivity of confirmatory maximum likelihood factor analysis to violations of measurement scale and distributional assumptions}},
volume = {24},
year = {1987}
}

@article{DiStefano2002,
author = {DiStefano, Christine},
doi = {10.1207/S15328007SEM0903_2},
journal = {Structural Equation Modeling: A Multidisciplinary Journal},
number = {3},
pages = {327--346},
title = {{The Impact of Categorization With Confirmatory Factor Analysis}},
volume = {9},
year = {2002}
}


@article{Harwell2018,
author = {Harwell, Michael},
doi = {10.22237/jmasm/1551907966},
journal = {Journal of Modern Applied Statistical Methods},
number = {2},
title = {{A strategy for using bias and RMSE as outcomes in Monte Carlo Studies in statistics}},
volume = {17},
year = {2018}
}

@book{Cohen1988,
address = {Hillsdale, NJ},
author = {Cohen, Jacob},
edition = {2nd},
mendeley-groups = {ML-CFA Parameter Recovery},
publisher = {Erlbaum},
title = {{Statistical power analysis for the behavioral sciences}},
year = {1988}
}
